<?xml version="1.0" encoding="UTF-8"?><collection xmlns="http://www.loc.gov/MARC21/slim"><record><leader>00404nam--2200133-i-4500</leader><controlfield tag="001">000002081</controlfield><controlfield tag="002">20161230</controlfield><controlfield tag="005">20161230201024</controlfield><controlfield tag="008">060222s1000------------r-----000-0-eng-d</controlfield><datafield ind1=" " ind2=" " tag="080"><subfield code="a">621.86/87</subfield></datafield><datafield ind1=" " ind2=" " tag="100"><subfield code="a">Cohberg, M. M</subfield></datafield><datafield ind1=" " ind2=" " tag="245"><subfield code="a">Constructiile metalice ale masinilor de ridicat si de transport(traducere din lb. rusa</subfield></datafield><datafield ind1=" " ind2=" " tag="260"><subfield code="a">Bucuresti, Institutul De Documentare Tehnica, 1949. 413 P</subfield></datafield><datafield ind1=" " ind2=" " tag="852"><subfield code="a">26122</subfield></datafield></record></collection>